
@misc{Tufto2017,
  title = {Answer to: How to calculate average length of adherence to vegetarianism when we only have survey data about current vegetarians?},
  author = {Tufto, Jarle},
  howpublished = {Cross Validated},
  url = {https://stats.stackexchange.com/a/298866/156508},
  date = {2017-08-20}
}

@misc{Neely2023,
  title = {Answer to: Poisson-like distribution for partially or fully observed events with duration},
  author = {Michael Neely},
  howpublished = {Mathematics Stack Exchange},
  url = {https://math.stackexchange.com/a/4732425/375256},
  date = {2023-07-07}
}

@article{Garnett2002,
  author = {Garnett, G. P.},
  url = {https://doi.org/10.1136/sti.78.1.7},
  date = {2002-02},
  journaltitle = {Sexually Transmitted Infections},
  number = {1},
  pages = {7--12},
  title = {An introduction to mathematical models in sexually transmitted disease epidemiology},
  volume = {78},
}

@article{Garnett1996,
  author = {Garnett, G. P. and Anderson, R. M.},
  url = {https://doi.org/10.1093/infdis/174.Supplement_2.S150},
  date = {1996-10},
  journaltitle = {Journal of Infectious Diseases},
  number = {S2},
  pages = {S150--S161},
  title = {Sexually transmitted diseases and sexual behavior: Insights from mathematical models},
  volume = {174},
}

@article{Stigum1997,
  author = {Stigum, Hein and Magnus, Per and Bakketeig, Leiv S.},
  url = {https://10.0.4.69/oxfordjournals.aje.a009162},
  date = {1997-04},
  journaltitle = {American Journal of Epidemiology},
  number = {7},
  pages = {644--652},
  title = {Effect of changing partnership formation rates on the spread of sexually transmitted diseases and human immunodeficiency virus},
  volume = {145},
}

@article{Watts2010,
  author = {Watts, Charlotte and Zimmerman, Cathy and Foss, Anna M. and Hossain, Mazeda and Cox, Andrew and Vickerman, Peter},
  url = {https://doi.org/10.1136/sti.2010.044602},
  date = {2010-12},
  journaltitle = {Sexually Transmitted Infections},
  number = {S3},
  pages = {iii85--iii92},
  title = {Remodelling core group theory: the role of sustaining populations in HIV transmission},
  volume = {86},
}

@article{Knight2020,
  author = {Knight, Jesse and Baral, Stefan D. and Schwartz, Sheree and Wang, Linwei and Ma, Huiting and Young, Katherine and Hausler, Harry and Mishra, Sharmistha},
  url = {https://doi.org/10.1016/j.idm.2020.07.004},
  date = {2020-01},
  journaltitle = {Infectious Disease Modelling},
  pages = {549--562},
  title = {Contribution of high risk groups' unmet needs may be underestimated in epidemic models without risk turnover: A mechanistic modelling analysis},
  volume = {5},
}

@article{Boily2015,
  author = {Boily, Marie-Claude and Pickles, Michael and Alary, Michel and Baral, Stefan and Blanchard, James and Moses, Stephen and Vickerman, Peter and Mishra, Sharmistha},
  url = {https://doi.org/10.1097/QAI.0000000000000437},
  date = {2015-03},
  journaltitle = {Journal of Acquired Immune Deficiency Syndromes},
  pages = {S74--82},
  number = {S2},
  title = {What really is a concentrated HIV epidemic and what does it mean for West and Central Africa? Insights from mathematical modeling},
  volume = {68},
}

@article{Baral2014,
  author = {Baral, Stefan and Ketende, Sosthenes and Green, Jessie L. and Chen, Ping-An An and Grosso, Ashley and Sithole, Bhekie and Ntshangase, Cebisile and Yam, Eileen and Kerrigan, Deanna and Kennedy, Caitlin E. and Adams, Darrin},
  url = {http://doi.org/10.1371/journal.pone.0115465},
  date = {2014-12},
  journaltitle = {PLOS ONE},
  number = {12},
  pages = {e115465},
  title = {Reconceptualizing the HIV epidemiology and prevention needs of female sex workers (FSW) in Swaziland},
  volume = {9},
}

@article{Yam2013,
  author = {Yam, Eileen A. and Mnisi, Zandile and Sithole, Bheki and Kennedy, Caitlin and Kerrigan, Deanna L. and Tsui, Amy O. and Baral, Stefan},
  url = {https://doi.org/10.1097/OLQ.0b013e318283c16d},
  date = {2013-05},
  journaltitle = {Sexually Transmitted Diseases},
  number = {5},
  pages = {406--412},
  title = {Association between condom use and use of other contraceptive methods among female sex workers in swaziland: A relationship-level analysis of condom and contraceptive use},
  volume = {40},
}

@article{Heckathorn1997,
  author = {Heckathorn, Douglas D.},
  url = {https://doi.org/10.2307/3096941},
  date = {1997-05},
  journaltitle = {Social Problems},
  number = {2},
  pages = {174--199},
  title = {Respondent-Driven Sampling: A new approach to the study of hidden populations},
  volume = {44},
}

@article{Geman1984,
  author = {Geman, Stuart and Geman, Donald},
  date = {1984-11},
  url = {https://doi.org/10.1109/TPAMI.1984.4767596},
  journaltitle = {IEEE Transactions on Pattern Analysis and Machine Intelligence},
  number = {6},
  pages = {721--741},
  title = {Stochastic relaxation, Gibbs distributions, and the Bayesian restoration of images},
  volume = {PAMI-6},
}

@book{Anderson1991,
  author = {Anderson, Roy M and May, Robert M},
  publisher = {Oxford University Press},
  date = {1991},
  title = {Infectious diseases of humans: dynamics and control},
}

@article{Roberts2020,
  author = {Roberts, Elizabeth and Ma, Huiting and Bhattacharjee, Parinita and Musyoki, Helgar K. and Gichangi, Peter and Avery, Lisa and Musimbi, Janet and Tsang, Jenkin and Kaosa, Shem and Kioko, Japheth and Becker, Marissa L. and Mishra, Sharmistha},
  url = {https://doi.org/10.1186/s12889-020-08872-6},
  date = {2020-05},
  journaltitle = {BMC Public Health},
  number = {1},
  title = {Low program access despite high burden of sexual, structural, and reproductive health vulnerabilities among young women who sell sex in Mombasa, Kenya},
  volume = {20},
}

@article{Fazito2012,
  author = {Fazito, Erika and Cuchi, Paloma and Mahy, Mary and Brown, Tim},
  url = {https://doi.org/10.1136/sextrans-2012-050647},
  date = {2012-12},
  journaltitle = {Sexually transmitted infections},
  number = {S2},
  pages = {i24--i32},
  title = {Analysis of duration of risk behaviour for key populations: a literature review.},
  volume = {88},
}

@report{EswKP2014,
  author = {{PEPFAR}},
  location = {Mbabane, Swaziland},
  date = {2015},
  title = {Characterizing the HIV prevention and treatment Needs among key populations, including men who have sex with men and female sex workers in Swaziland: From evidence to action},
}

@article{Mills2014,
  author = {Mills, Harriet L. and Johnson, Samuel and Hickman, Matthew and Jones, Nick S. and Colijn, Caroline},
  url = {https://www.sciencedirect.com/science/article/pii/S0376871614009375},
  date = {2014-09},
  journaltitle = {Drug and Alcohol Dependence},
  pages = {120--126},
  title = {Errors in reported degrees and respondent driven sampling: Implications for bias},
  volume = {142},
}

@article{Ramjee1999,
  author = {Ramjee, Gita and Weber, Amy E and Morar, Neetha S},
  url = {https://doi.org/10.1097/00007435-199908000-00002},
  date = {1999-08},
  journaltitle = {Sexually Transmitted Diseases},
  number = {7},
  pages = {374--380},
  title = {Recording sexual behavior: Comparison of recall questionnaires with a coital diary},
  volume = {26},
}

@article{Lowndes2012,
  author = {Lowndes, Catherine M. and Jayachandran, A. A. and Banandur, Pradeep and Ramesh, Banadakoppa M. and Washington, Reynold and Sangameshwar, B. M. and Moses, Stephen and Blanchard, James and Alary, Michel},
  url = {https://doi.org/10.1007/s10461-011-0004-1},
  date = {2012-05},
  journaltitle = {AIDS and Behavior},
  number = {4},
  pages = {1054--1062},
  title = {Polling booth surveys: A novel approach for reducing social desirability bias in HIV-related behavioural surveys in resource-poor settings},
  volume = {16},
}

@article{Fenton2001,
  author = {Fenton, K. A. and Johnson, A. M. and McManus, S. and Erens, B.},
  url = {https://doi.org/10.1136/sti.77.2.84},
  date = {2001-04},
  journaltitle = {Sexually Transmitted Infections},
  number = {2},
  pages = {84--92},
  title = {Measuring sexual behaviour: Methodological challenges in survey research},
  volume = {77},
}

